<record><leader>00000cas a22000007a 4500</leader><controlfield tag="001">156944151</controlfield><controlfield tag="008">070724c20079999orumr n       0   b0rum c</controlfield><datafield ind1=" " ind2=" " tag="010"><subfield code="a">  2007213261</subfield></datafield><datafield ind1=" " ind2=" " tag="040"><subfield code="a">NSD</subfield><subfield code="b">eng</subfield><subfield code="c">NSD</subfield><subfield code="d">NSD</subfield><subfield code="d">OCLCQ</subfield></datafield><datafield ind1=" " ind2=" " tag="012"><subfield code="l">1</subfield></datafield><datafield ind1="0" ind2=" " tag="022"><subfield code="a">1939-2974</subfield><subfield code="l">1939-2974</subfield><subfield code="2">1</subfield></datafield><datafield ind1=" " ind2=" " tag="037"><subfield code="b">American Media Consulting, Inc., P.O. Box 19737, Portland, OR 97280</subfield><subfield code="c">free</subfield></datafield><datafield ind1="0" ind2=" " tag="041"><subfield code="a">rum</subfield><subfield code="a">eng</subfield></datafield><datafield ind1=" " ind2=" " tag="042"><subfield code="a">nsdp</subfield><subfield code="a">pcc</subfield></datafield><datafield ind1="1" ind2="0" tag="050"><subfield code="a">ISSN RECORD</subfield></datafield><datafield ind1="1" ind2="0" tag="082"><subfield code="a">305</subfield><subfield code="2">14</subfield></datafield><datafield ind1=" " ind2="4" tag="222"><subfield code="a">The Romanian echo</subfield></datafield><datafield ind1="0" ind2="4" tag="245"><subfield code="a">The Romanian echo.</subfield></datafield><datafield ind1=" " ind2=" " tag="260"><subfield code="a">Portland, OR :</subfield><subfield code="b">American Media Consulting</subfield></datafield><datafield ind1=" " ind2=" " tag="310"><subfield code="a">Monthly</subfield></datafield><datafield ind1="1" ind2=" " tag="362"><subfield code="a">Began with June 2007.</subfield></datafield><datafield ind1=" " ind2=" " tag="588"><subfield code="a">Description based on first issue; title from caption.</subfield></datafield><datafield ind1="0" ind2="8" tag="776"><subfield code="i">Online version:</subfield><subfield code="t">Romanian echo</subfield><subfield code="x">1939-2982</subfield><subfield code="w">(DLC)  2007213262</subfield><subfield code="w">(OCoLC)156945746</subfield></datafield><datafield ind1="4" ind2="1" tag="856"><subfield code="u">http://www.romanianecho.com</subfield></datafield><datafield ind1="1" ind2=" " tag="029"><subfield code="a">AU@</subfield><subfield code="b">000042050602</subfield></datafield></record>